<?xml version="1.0" encoding="UTF-8"?><record xmlns="http://www.loc.gov/MARC21/slim" xmlns:cinclude="http://apache.org/cocoon/include/1.0" xmlns:zs="http://www.loc.gov/zing/srw/">
  <leader>00418nz  a2200133n  4500</leader>
  <controlfield tag="001">no2012134846</controlfield>
  <controlfield tag="003">DLC</controlfield>
  <controlfield tag="005">20121014075227.0</controlfield>
  <controlfield tag="008">121012n| acannaabn          |n aaa     c</controlfield>
  <datafield tag="010" ind1=" " ind2=" ">
    <subfield code="a">no2012134846</subfield>
  </datafield>
  <datafield tag="035" ind1=" " ind2=" ">
    <subfield code="a">(OCoLC)oca09323032</subfield>
  </datafield>
  <datafield tag="040" ind1=" " ind2=" ">
    <subfield code="a">PaNtsPMI</subfield>
    <subfield code="b">eng</subfield>
    <subfield code="c">PaNtsPMI</subfield>
  </datafield>
  <datafield tag="100" ind1="1" ind2=" ">
    <subfield code="a">Dunlop, James R.,</subfield>
    <subfield code="d">1963-</subfield>
  </datafield>
  <datafield tag="670" ind1=" " ind2=" ">
    <subfield code="a">Ashley, D. B. Impact of risk allocation and equity in construction contracts, 1989:</subfield>
    <subfield code="b">t.p. (James R. Dunlop)</subfield>
  </datafield>
</record>